
@book{Kavanagh_Quinn_2006a, 
  place={London etc.}, 
  title={Collected poems}, 
  publisher={Penguin Books}, 
  author={Kavanagh, Patrick and Quinn, Antoinette}, 
  year={2006}} 