@article{bourke1964emergence,
  title={Emergence of Potato blight, 1843-46.},
  author={Bourke, PM Austin},
  year={1964}
}

@article{wegge2017immigrants,
  title={Immigrants and savers: A rich new database on the Irish in 1850s New York},
  author={Wegge, Simone A and Anbinder, Tyler and {\'O} Gr{\'a}da, Cormac},
  journal={Historical Methods: A Journal of Quantitative and Interdisciplinary History},
  volume={50},
  number={3},
  pages={144--155},
  year={2017},
  publisher={Taylor \& Francis}
}

@book{donnelly2002great,
  title={The great Irish potato famine},
  author={Donnelly Jr, James S},
  year={2002},
  publisher={The History Press}
}

@article{kelly2015ireland,
  title={Why Ireland starved after three decades: The Great Famine in cross-section reconsidered},
  author={Kelly, Morgan and Gr{\'a}da, Cormac {\'O}},
  journal={Irish Economic and Social History},
  volume={42},
  number={1},
  pages={53--61},
  year={2015},
  publisher={SAGE Publications Sage UK: London, England}
}

@book{sen1982poverty,
  title={Poverty and famines: an essay on entitlement and deprivation},
  author={Sen, Amartya},
  year={1982},
  publisher={Oxford university press}
}

